@ONLINE {solidit2019,
    author = {{Solid IT GmbH}},
    title  = "Document Stores - DB-Engines Encyclopedia",
    month  = "mar",
    year   = "2019",
    url    = "https://db-engines.com/en/article/Document+Stores"
}
@ONLINE {mongodb2019,
    author = {{MongoDB Inc.}},
    title  = "Operational Factors and Data Models",
    month  = "mar",
    year   = "2019",
    url    = "https://docs.mongodb.com/manual/core/data-model-operations/"
}
@ONLINE {elastic2019,
    author = {{Elasticsearch B.V.}},
    title  = "What Is a Document? | Elasticsearch: The Definitive Guide [2.x] | Elastic",
    month  = "mar",
    year   = "2019",
    url    = "https://www.elastic.co/guide/en/elasticsearch/guide/current/document.html"
}
@ONLINE {solidit2019_02,
    author = {{Solid IT GmbH}},
    title  = "Elasticsearch System Properties",
    month  = "mar",
    year   = "2019",
    url    = "https://db-engines.com/en/system/Elasticsearch"
}
@ONLINE {buckenhofera.2019,
    author = "Buckenhofer, A.",
    title  = "Lecture @DHBW: Data Warehouse 01 Introduction - Definition - Tools",
    month  = "mar",
    year   = "2019",
    url    = "http://wwwlehre.dhbw-stuttgart.de/~buckenhofer/20191DWH/Buckenhofer-DWH01-IntroDefinitionTools.pdf"
}
@ONLINE {baeldung2018,
    author = {{Baeldung}},
    title  = "Introduction to Apache Lucene",
    month  = "nov",
    year   = "2018",
    url    = "https://www.baeldung.com/lucene"
}
@ONLINE {tank.2019,
    author = "Tan, K.",
    title  = "Basic Elasticsearch Concepts",
    month  = "mar",
    year   = "2019",
    url    = "http://www.elasticsearchtutorial.com/basic-elasticsearch-concepts.html"
}
@ONLINE {bermand.2019,
    author = "Berman, D.",
    title  = "The Complete Guide to the ELK Stack",
    month  = "mar",
    year   = "2019",
    url    = "https://logz.io/learn/complete-guide-elk-stack"
}
@ONLINE {elastic2019_02,
    author = {{Elasticsearch B.V.}},
    title  = "Stories from Users Like You",
    month  = "mar",
    year   = "2019",
    url    = "https://www.elastic.co/use-cases/"
}
@ONLINE {slevat.2018,
    author = "Sleva, T.",
    title  = "Rabobank: Enhancing the Online Banking Experience with Elasticsearch",
    month  = "sep",
    year   = "2018",
    url    = "https://www.elastic.co/blog/rabobank-enhancing-the-online-banking-experience-with-elasticsearch"
}
@ONLINE {elastic2019_03,
    author = {{Elasticsearch B.V.}},
    title  = "Engadget: Fixing an Out-of-Control Search Experience",
    month  = "mar",
    year   = "2019",
    url    = "https://www.elastic.co/use-cases/engadget"
}
@ONLINE {elastic2019_04,
    author = {{Elasticsearch B.V.}},
    title  = "Airbus ADNS: Powering the Search for Near Real-Time Access to Aircraft Technical Documents",
    month  = "mar",
    year   = "2019",
    url    = "https://www.elastic.co/use-cases/airbus"
}
@ONLINE {elastic2019_05,
    author = {{Elasticsearch B.V.}},
    title  = "Using Elasticsearch to drive car2go's realtime business insights from their connected cars",
    month  = "mar",
    year   = "2019",
    url    = "https://www.elastic.co/elasticon/tour/2017/munich/using-elasticsearch-to-drive-car2gos-realtime-business-insights-from-their-connected-cars"
}
@ONLINE {elastic2019_06,
    author = {{Elasticsearch B.V.}},
    title  = "Building a Near Real-Time Pipeline for All Things Blizzard",
    month  = "mar",
    year   = "2019",
    url    = "https://www.elastic.co/elasticon/conf/2017/sf/building-a-near-real-time-pipeline-for-all-things-blizzard"
}
@ONLINE {elastic2019_07,
    author = {{Elasticsearch B.V.}},
    title  = "Cerner: Powering the Search for Mean Time to Knowledge (MTTK)",
    month  = "mar",
    year   = "2019",
    url    = "https://www.elastic.co/use-cases/cerner"
}
@ONLINE {paquettem.2018,
    author = "Paquette, M.",
    title  = "OmniSOC: High Speed Threat Detection at the Big Ten using Elasticsearch",
    month  = "sep",
    year   = "2018",
    url    = "https://www.elastic.co/blog/omnisoc-high-speed-threat-detection-at-the-big-ten"
}

@ONLINE {elastic2019_08,
    author = {{Elasticsearch B.V.}},
    title  = "Getting Started | Elasticsearch Reference [6.7] | Elastic",
    year   = "2019",
    url    = "https://www.elastic.co/guide/en/elasticsearch/reference/current/getting-started.html"
}

@ONLINE {elastic2019_09,
    author = {{Elasticsearch B.V.}},
    title  = "Adding nodes to your cluster | Elasticsearch Reference [6.7] | Elastic",
    year   = "2019",
    url    = "https://www.elastic.co/guide/en/elasticsearch/reference/current/add-elasticsearch-nodes.html"
}

@ONLINE {dahlqvistc2018,
    author = "Dahlqvist, C",
    title  = "How many shards should I have in my Elasticsearch cluster?",
    month  = "nov",
    year   = "2018",
    url    = "https://www.elastic.co/de/blog/how-many-shards-should-i-have-in-my-elasticsearch-cluster"
}

@ONLINE {elastic2019_10,
    author = {{Elasticsearch B.V.}},
    title  = "Node | Elasticsearch Reference [6.7] | Elastic",
    year   = "2019",
    url    = "https://www.elastic.co/guide/en/elasticsearch/reference/current/modules-node.html"
}

@ONLINE {brewere2012,
    author = "Brewer, E",
    title  = "CAP Twelve Years Later: How the 'Rules' Have Changed",
    month  = "may",
    year   = "2012",
    url    = "https://www.infoq.com/articles/cap-twelve-years-later-how-the-rules-have-changed"
}

@ONLINE {longn2014,
    author = "Long, N",
    title  = "Elasticsearch and the CAP theorem",
    month  = "jan",
    year   = "2014",
    url    = "https://discuss.elastic.co/t/elasticsearch-and-the-cap-theorem/15102"
}

@ONLINE {synhershkoi2014,
    author = "Syn-Hershko, I",
    title  = "Elasticsearch and the CAP theorem",
    month  = "jan",
    year   = "2014",
    url    = "https://discuss.elastic.co/t/elasticsearch-and-the-cap-theorem/15102"
}

@ONLINE {nathanir2019,
    author = "Nathani, R",
    title  = "Anatomy of an Elasticsearch Cluster: Part II",
    month  = "mar",
    year   = "2019",
    url    = "https://blog.insightdatascience.com/anatomy-of-an-elasticsearch-cluster-part-ii-6db4e821b571?gi=7b2e74ad5508"
}

@ONLINE {andrewcholakian2019,
    author = "Andrew Cholakian",
    title  = "Exploring Elasticsearch",
    month  = "apr",
    year   = "2019",
    url    = "http://exploringelasticsearch.com/overview.html"
}

@ONLINE {elasticsearc_sec,
    author = {{Elasticsearch B.V.}},
    title  = "Security settings in Elasticsearch | Elasticsearch Reference [7.0] | Elastic",
    month  = "apr",
    year   = "2019",
    url    = "https://www.elastic.co/guide/en/elasticsearch/reference/current/security-settings.html"
}

@ONLINE {soliditgmbh2019,
    author = {{Solid IT GmbH}},
    title  = "DB-Engines Ranking - popularity ranking of search engines",
    month  = "mar",
    year   = "2019",
    url    = "https://db-engines.com/en/ranking/search+engine"
}

@ONLINE {shaybanon2019,
    author = "Shay Banon",
    title  = "The Future of Compass \& Elasticsearch",
    month  = "mar",
    year   = "2019",
    url    = "https://thedudeabides.com/articles/the_future_of_compass"
}

@ONLINE {elasticsearchb.v.2019,
    author = {{Elasticsearch B.V.}},
    title  = "Releases · elastic/elasticsearch",
    month  = "mar",
    year   = "2019",
    url    = "https://github.com/elastic/elasticsearch/releases?after=v0.5.0"
}

@ONLINE {elasticsearch_hadoop,
    author = {{Elasticsearch B.V.}},
    title  = "Elasticsearch for Hadoop | Elastic",
    month  = "apr",
    year   = "2019",
    url    = "https://www.elastic.co/products/hadoop"
}

@ONLINE {logz.io2019,
    author = {{Logz.io}},
    title  = "Elasticsearch Performance Tuning | Logz.io",
    month  = "apr",
    year   = "2019",
    url    = "https://logz.io/blog/elasticsearch-performance-tuning/"
}

@ONLINE {sunilkappal2019,
    author = "Sunil Kappal",
    title  = "Is ElasticSearch SET/GET Eventually Consistent? - DZone Big Data",
    month  = "apr",
    year   = "2019",
    url    = "https://dzone.com/articles/elasticsearch-consistency-concepts"
}

@ONLINE {ibm,
    author = {{IBM}},
    title  = "Databases for Elasticsearch",
    url    = "https://www.ibm.com/cloud/databases-for-elasticsearch"
}

@ONLINE {microsoft,
    author = {{Microsoft}},
    title  = "Elasticsearch",
    url    = "https://azuremarketplace.microsoft.com/de-DE/marketplace/apps/elastic.elasticsearch"
}

@ONLINE {amazon,
    author = {{Amazon}},
    title  = "Elasticsearch Service - Amazon Webservices (AWS)",
    url    = "https://aws.amazon.com/de/elasticsearch-service/"
}

@ONLINE {dockerhub,
    title = "elasticsearch - Docker Hub",
    url   = "https://hub.docker.com/_/elasticsearch"
}

@ONLINE {elasticsearch_anal,
    author = {{Elasticsearch B.V.}},
    title  = "Analysis | Elasticsearch Reference",
    year   = "2019",
    url    = "https://www.elastic.co/guide/en/elasticsearch/reference/current/analysis.html"
}

@ONLINE {elasticsearch_anal2,
    author = {{Elasticsearch B.V.}},
    title  = "Anatomy of an analyzer | Elasticsearch Reference",
    year   = "2019",
    url    = "https://www.elastic.co/guide/en/elasticsearch/reference/current/analyzer-anatomy.html"
}

@ONLINE {elasticsearch_analc,
    author = {{Elasticsearch B.V.}},
    title  = "Custom Analyzer | Elasticsearch Reference",
    year   = "2019",
    url    = "https://www.elastic.co/guide/en/elasticsearch/reference/current/analysis-custom-analyzer.html"
}

@ONLINE {elasticsearch_iindex,
    author = {{Elasticsearch B.V.}},
    title  = "Inverted Index | Elasticsearch: The Definitive Guide [2.x] | Elastic",
    year   = "2015",
    url    = "https://www.elastic.co/guide/en/elasticsearch/guide/current/inverted-index.html"
}

@CONFERENCE {bialecki2012,
    author    = "Bialecki, Andrzej and Muir, Robert and Ingersoll, Grant and Imagination, Lucid",
    title     = "Apache lucene 4",
    booktitle = "SIGIR 2012 workshop on open source information retrieval",
    year      = "2012",
    pages     = "17"
}
